% This is the bibliography of the report. You can add bibtex here. 
% Note that only the used citations will show up in bibliography section of the report.
% You can find a bibtex of a paper from scholar.google.com

@article{small,
  author = {Freely, I.P.},
  title = {A small paper},
  journal = {The journal of small papers},
  year = 1997,
  volume = {-1},
  note = {to appear},
}

@article{big,
  author = {Jass, Hugh},
  title = {A big paper},
  journal = {The journal of big papers},
  year = 7991,
  volume = {MCMXCVII},
}